@article{ahu61,
author = "Arrow, Kenneth J. and Leonid Hurwicz and Hirofumi Uzawa",
title = "Constraint qualifications in maximization problems",
journal = "Naval Research Logistics Quarterly",
volume = "8",
year = "1961",
pages = "175-191",
}

@article{KM,
author = "Klemperer, P. and Meyer, M.",
title = "Supply Function Equilibria in Oligopoly Under Uncertainty",
journal = "Econometrica",
year = "1989",}
 
@article{Newgreen,
  title={Competition in the British electricity spot market},
  author={Green, Richard J and Newbery, David M},
  journal={Journal of political economy},
  volume={100},
  number={5},
  pages={929--953},
  year={1992},
  publisher={The University of Chicago Press}
}


@misc{apx,
title = {Type of orders on the EPEX day-ahead auction, UK},
howpublished = {\url{ https://www.apxgroup.com/trading-clearing/uk-half-hour-day-ahead-1530-auction/}},
author="APX",
year="2017",
}

@misc{epex,
title = {Type of orders on the EPEX day-ahead auction, France},
howpublished = {\url{https://www.epexspot.com/en/product-info/auction}},
author="EPEX",
year="2015",
}

@book{Boyle,
author = "Boyle, G.",
title = "Renewable Electricity and the Grid, the Challenge of Variability",
publisher = "Routledge",
year = "2007",}

@techreport{GE,
title = "Heavy-Duty Gas Turbine Operating and Maintenance Considerations",
subtitle = "GER-3620M (02/15)",
page="14",
author="GE",
institution="General Electrics Energy",
year="2015"
}

@techreport{Arima,
title = "Dispatch modelling: Quantifying long term benefits via high resolution analysis",
author="Arima, K.",
institution="Wärtsilä Power Plants",
year="2012"
}

@book{equadiff,
author = "Polyanin, A.D.",
title = "Handbook of exact solutions for ordinary differential equations",
publisher = "Chapman \& Hall/CRC",
year = "2002",}

@book{constraint,
author = "Seierstad, A. and Sydsaeter, K",
title = "Optimal Control Theory with Economics Applications",
publisher = "North-Holland",
year = "1987",}

@inproceedings{enveloppe,
title="A Stochastic Differential Equation for Modeling the “Classical” Probability Distributions",
author="Hertzler, G.",
booktitle="2003 Conference (47th), February",
pages="12--14",
year="2003"
}

@article{anderson2005supply,
 title={Supply function equilibrium in electricity spot markets with
contracts and price caps},
 author={Anderson, Edward J and Xu, Huifu},
 journal={Journal of Optimization Theory and Applications},
 volume={124},
 number={2},
 pages={257--283},
 year={2005},
 publisher={Springer}
}

@article{hortacsu2008understanding,
 title={Understanding strategic bidding in multi-unit auctions: a
case study of the Texas electricity spot market},
 author={Hortacsu, Ali and Puller, Steven L},
 journal={The RAND Journal of Economics},
 volume={39},
 number={1},
 pages={86--114},
 year={2008},
 publisher={Wiley Online Library}
}

@techreport{reguant2011welfare,
  title={The welfare effects of complementary bidding mechanisms: An application to electricity markets},
  author={Reguant, Mar},
  year={2011},
  institution={Working paper}
}

@article{sewalt2003negative,
 title={Negative prices in electricity markets},
 author={Sewalt, M and De Jong, C},
 journal={Commodities Now},
 volume={2},
 pages={74--79},
 year={2003}
}

@techreport{bergesmartimort2014,
  title={Dynamics of the Electricity Day-Ahead Market : Supply Function Equilibria and Ramping Costs},
  author={Berg\`{e}s, Alexis and Martimort, David},
  year={2014},
  institution={Paris School of Economics}
}

@article{wolak2007quantifying,
  title={Quantifying the supply-side benefits from forward contracting in wholesale electricity markets},
  author={Wolak, Frank A},
  journal={Journal of Applied Econometrics},
  volume={22},
  number={7},
  pages={1179--1209},
  year={2007},
  publisher={Wiley Online Library}
}


@article{reichl2013power,
title={Power Outage Cost Evaluation: Reasoning, Methods and an Application},
author={Reichl, Johannes and Schmidthaler, Michael and Schneider, Friedrich},
journal={Journal of Scientific Research \& Reports},
volume={2},
number={1},
pages={249--276},
year={2013}
}

@misc{epexwebsite1,
  title={Website of the European Power Exchange},
  author={EPEX},
  year={2014},
  url={https://www.epexspot.com/en/},
}

@misc{ren2013renewables,
  title={Renewables 2013, Global Status Report},
  author={Steering Committee REN21},
  year={2013},
  publisher={REN}
}

@article{meibom2009operational,
  title={Operational costs induced by fluctuating wind power production in Germany and Scandinavia},
  author={Meibom, Peter and Weber, Christoph and Barth, Rudiger and Brand, Heike},
  journal={Renewable Power Generation, IET},
  volume={3},
  number={1},
  pages={75--83},
  year={2009},
  publisher={IET}
}

@article{newbery1998competition,
  title={Competition, contracts, and entry in the electricity spot market},
  author={Newbery, David M},
  journal={The RAND Journal of Economics},
  pages={726--749},
  year={1998},
  publisher={JSTOR}
}

@article{bolle1992supply,
  title={Supply function equilibria and the danger of tacit collusion: the case of spot markets for electricity},
  author={Bolle, Friedel},
  journal={Energy economics},
  volume={14},
  number={2},
  pages={94-102},
  year={1992},
  publisher={Elsevier}
}

@article{wolfram1999measuring,
  title={Measuring duopoly power in the British electricity spot market},
  author={Wolfram, Catherine D},
  journal={American Economic Review},
  pages={805--826},
  year={1999},
  publisher={JSTOR}
}

@article{wolfram1998strategic,
  title={Strategic Bidding in a Multiunit Auction: An Empirical Analysis of Bids to Supply Electricity in England and Wales},
  author={Wolfram, Catherine D},
  journal={The Rand Journal of Economics},
  pages={703--725},
  year={1998},
  publisher={JSTOR}
}

@article{borensteinetal2002marketineffs,
Author = {Borenstein, Severin and Bushnell, James B. and Wolak, Frank A.},
Title = {Measuring Market Inefficiencies in California's Restructured Wholesale Electricity Market      },
Journal = {American Economic Review},
Volume = {92},
Number = {5},
Year = {2002},
Pages = {1376-1405}
}

@article{pw2002etude,
  title={Treasury bill auction procedures: Empirical perspectives from French market bid functions},
  author={Pr\'{e}get, Rapha\"{e}le and Waelbroeck, Patrick},
  journal={Journal of International Money and Finance},
  pages={1054--1072},
  year={2005},
  volume={24}
}

@misc{ozcan2004logistic,
  title={The Logistic Function Approach to Discriminatory and Uniform Price Treasury Auctions},
  author={{\"O}zcan, Rasim},
  year={2004},
  publisher={Working Paper}
}

@book{hobbs2001next,
 title={The next generation of electric power unit commitment models},
 author={Hobbs, Benjamin F},
 volume={36},
 year={2001},
 publisher={Springer}
}

@book{ramsaysilverman2005functional,
  title={Functional Data Analysis},
  author={Silverman, BW and Ramsay, JO},
  year={2005},
  publisher={Springer},
}

@article{newbery1998regulator,
  title={The regulator's review of the English Electricity Pool},
  author={Newbery, David M},
  journal={Utilities Policy},
  volume={7},
  number={3},
  pages={129--141},
  year={1998},
  publisher={Elsevier}
}

@article{boiteux1960peak,
  title={Peak-load pricing},
  author={Boiteux, Marcel},
  journal={The Journal of Business},
  volume={33},
  number={2},
  pages={157--179},
  year={1960},
  publisher={JSTOR}
}


@article{green1991reshaping,
  title={Reshaping the CEGB: electricity privatization in the UK},
  author={Green, Richard},
  journal={Utilities Policy},
  volume={1},
  number={3},
  pages={245--254},
  year={1991},
  publisher={Elsevier}
}

@article{pollitt1997impact,
  title={The impact of liberalization on the performance of the electricity supply industry: an international survey},
  author={Pollitt, Michael G},
  journal={Journal of energy literature},
  volume={3},
  pages={3--31},
  year={1997},
  publisher={THE OXFORD INSTITUTE FOR ENERGY STUDIES}
}

@article{green1999electricity,
  title={The electricity contract market in England and Wales},
  author={Green, Richard},
  journal={The Journal of Industrial Economics},
  volume={47},
  number={1},
  pages={107--124},
  year={1999},
  publisher={Wiley Online Library}
}

@article{laffontossard,
  title={Econometrics of First-Price Auctions},
  author={Laffont, Ossard, Vuong},
  journal={Econometrica},
  volume={63},
  number={4},
  pages={953-980},
  year={1995},
  publisher={The Econometric Society}
}


@article{green1992competition,
  title={Competition in the British electricity spot market},
  author={Green, Richard J and Newbery, David M},
  journal={Journal of political economy},
  pages={929--953},
  year={1992},
  publisher={JSTOR}
}

@article{belsunce2011elec,
 title={Theory and Empirics of Multi-Unit, Uniform Price Auctions in the Domain of Energy Procurement in France},
 author={de Belsunce, Henri},
 journal={Master thesis, Paris School of Economics},
 year={2011}
}

@article{klemperer1989supply,
  title={Supply function equilibria in oligopoly under uncertainty},
  author={Klemperer, Paul D and Meyer, Margaret A},
  journal={Econometrica: Journal of the Econometric Society},
  pages={1243--1277},
  year={1989},
  publisher={JSTOR}
}


@article{umlauf1993empirical,
  title={An empirical study of the Mexican Treasury bill auction},
  author={Umlauf, Steven R},
  journal={Journal of Financial Economics},
  volume={33},
  number={3},
  pages={313--340},
  year={1993},
  publisher={Elsevier}
}



@article{lacommare2004understanding,
  title={Understanding the cost of power interruptions to US electricity consumers},
  author={LaCommare, Kristina Hamachi and Eto, Joseph H},
  journal={Lawrence Berkeley National Laboratory},
  year={2004}
}

@article{kastl2011discrete,
  title={Discrete bids and empirical inference in divisible good auctions},
  author={Kastl, Jakub},
  journal={The Review of Economic Studies},
  volume={78},
  number={3},
  pages={974--1014},
  year={2011},
  publisher={Oxford University Press}
}



@article{pw2002etudeFRENCH,
 title={Etude empirique de la demande dans les ench\`{e}res de bons du Trésor". (Title English mimeo version: ``Characterizing and Forecasting Market Bid Functions in Treasury Bill Auctions, 2011)},
 author={Pr\'{e}get, Rapha\"{e}le and Waelbroeck, Patrick},
 journal={Revue \'{e}conomique},
 pages={403--414},
 year={2002},
 volume={53},
}

@article{salgado1994exploring,
  title={Exploring the shape of univariate data using kernel density estimators},
  author={Salgado-Ugarte, Isaias Hazarmabeth and Shimizu, Makoto and Taniuchi, Toru},
  journal={Stata Technical Bulletin},
  volume={3},
  number={16},
  year={1994},
  publisher={StataCorp LP}
}

@techreport{boukai1998market,
  title={Market bid functions for Treasury securities as logistic growth curves},
  author={Boukai, Benzion and Landsberger, Michael},
  year={1998},
  institution={Working Paper, Indiana University--Purdue University, Indianapolis, Indiana}
}

@techreport{berg1999bid,
  title={Bid Functions for Treasury Securities; Across Countries Comparison},
  author={Berg, Sigbjorn Atle and Boukai, Benzion and Landsberger, Michael},
  year={1999},
  institution={Citeseer}
}


@article{rtewebsite1,
  title={Website of RTE, the French grid operator},
  author={RTE},
  year={2014},
  url={http://www.rte-france.com/en/}
}

@book{silverman1986density,
  title={Density estimation for statistics and data analysis},
  author={Silverman, Bernard W},
  volume={26},
  year={1986},
  publisher={CRC press}
}

@article{armstronggalli2007empirical,
  title={Empirical Analysis of the Aggregate Offers to Buy or Sell Electricity on the French Day-Ahead Market from 2002 to 2005},
  author={Armstrong, M and Galli, A},
  year={2007},
  journal={IAEE 9th European Conference in Florence},
}

@article{Imbens01072012,
author = {Imbens, Guido and Kalyanaraman, Karthik}, 
title = {Optimal Bandwidth Choice for the Regression Discontinuity Estimator},
volume = {79}, 
number = {3}, 
pages = {933-959}, 
year = {2012}, 
doi = {10.1093/restud/rdr043}, 
URL = {http://restud.oxfordjournals.org/content/79/3/933.abstract}, 
eprint = {http://restud.oxfordjournals.org/content/79/3/933.full.pdf+html}, 
journal = {The Review of Economic Studies} 
}

@inproceedings{harman2008voronoi,
  title={Voronoi Natural Neighbors Interpolation},
  author={Harman, Chris and Johns, Mike},
  booktitle={Class of 2008 Senior Conference on Computational Geometry},
  year={2008},
  pages={49}
}

@article{sibson1981brief,
  title={A brief description of natural neighbour interpolation},
  author={Sibson, Robin},
  journal={Interpreting multivariate data},
  volume={21},
  year={1981}
}

@techreport{grossi2014vision,
  title={A vision of the European energy future? The impact of the German response to the Fukushima earthquake},
  author={Grossi, Luigi and Heim, Sven and Waterson, Michael},
  year={2014},
  institution={University of Warwick, Department of Economics}
}

@techreport{eleceurope,
  title={Electricity Consumption and
Efficiency Trends in the Enlarged
European Union, Status Report },
  author={Bertoldi, Paolo and Atanasiu, Bogdan},
  year={2007},
  institution={Institute for Environment and Sustainability, European Commission}
}

@article{white1980heteroskedasticity,
  title={A heteroskedasticity-consistent covariance matrix estimator and a direct test for heteroskedasticity},
  author={White, Halbert},
  journal={Econometrica: Journal of the Econometric Society},
  pages={817--838},
  year={1980},
  publisher={JSTOR}
}


